<record xmlns="http://www.loc.gov/MARC21/slim" xmlns:xsi="http://www.w3.org/2001/XMLSchema-instance" xsi:schemaLocation="http://www.loc.gov/MARC21/slim http://www.loc.gov/standards/marcxml/schema/MARC21slim.xsd"><leader>     nam a22        4500</leader><controlfield tag="001">3233793</controlfield><controlfield tag="003">NNC</controlfield><controlfield tag="006">m        d        </controlfield><controlfield tag="007">cr cn |||m|||a</controlfield><controlfield tag="008">150601s1907    ua      o     000 0 ara  </controlfield><datafield ind1=" " ind2=" " tag="040"><subfield code="a">NNU</subfield><subfield code="b">eng</subfield><subfield code="e">rda</subfield><subfield code="c">NNU</subfield></datafield><datafield ind1=" " ind2="4" tag="050"><subfield code="a">B751</subfield><subfield code="b">.M36 1907</subfield></datafield><datafield ind1="0" ind2="0" tag="060"><subfield code="a">WZ 290</subfield><subfield code="b">A957h 1907</subfield></datafield><datafield ind1="0" ind2=" " tag="100"><subfield code="6">880-01</subfield><subfield code="a">Avicenna,</subfield><subfield code="d">980-1037.</subfield></datafield><datafield ind1="1" ind2="0" tag="240"><subfield code="6">880-02</subfield><subfield code="a">Maqa&#772;lah fi&#772; al-nafs</subfield></datafield><datafield ind1="1" ind2="0" tag="245"><subfield code="6">880-03</subfield><subfield code="a">Hadi&#772;yat al-Ra&#700;i&#772;s Abi&#772; &#699;Ali&#772; al-H&#803;usayn ibn &#699;Abd Alla&#772;h ibn Si&#772;na&#772; ahda&#772;ha&#772; lil-Ami&#772;r Nu&#772;h&#803; ibn Mans&#803;u&#772;r al-Sa&#772;ma&#772;ni&#772; :</subfield><subfield code="b">wa haya mabh&#803;ath &#699;an al-quwa&#769; al-nafsa&#772;ni&#772;yah, aw, Kita&#772;b fi&#772; al-nafs &#699;ala&#769; sunnat al-ikhtis&#803;a&#772;r wa-muqtad&#803;a&#769; t&#803;ari&#772;qat al-mant&#803;iqiyi&#772;n /</subfield><subfield code="c">&#699;uniya bi-d&#803;abt&#803;uha&#772; wa-tas&#803;h&#803;i&#772;h&#803;uha&#772; Idward ibn Kurni&#772;lyu&#772;s Fandi&#772;k al-Amri&#772;ka&#772;ni&#772;.</subfield></datafield><datafield ind1="3" ind2=" " tag="246"><subfield code="6">880-04</subfield><subfield code="a">Mabh&#803;ath &#699;an al-quwa&#769; al-nafsa&#772;ni&#772;yah</subfield></datafield><datafield ind1="3" ind2=" " tag="246"><subfield code="6">880-05</subfield><subfield code="a">Kita&#772;b fi&#772; al-nafs &#699;ala&#769; sunnat al-ikht&#803;is&#803;a&#772;r wa-muqtad&#803;a&#769; t&#803;ari&#772;qat al-mant&#803;iqi&#772;yi&#772;n</subfield></datafield><datafield ind1="3" ind2="0" tag="246"><subfield code="6">880-06</subfield><subfield code="a">Nafs</subfield></datafield><datafield ind1=" " ind2=" " tag="260"><subfield code="6">880-07</subfield><subfield code="a">Mis&#803;r :</subfield><subfield code="b">Mat&#803;ba&#699;at al-Ma&#699;a&#772;rif,</subfield><subfield code="c">1325 [1907 or 1908]</subfield></datafield><datafield ind1=" " ind2=" " tag="300"><subfield code="a">online resource (87 pages)</subfield></datafield><datafield ind1=" " ind2=" " tag="336"><subfield code="a">text</subfield><subfield code="2">rdacontent</subfield></datafield><datafield ind1=" " ind2=" " tag="337"><subfield code="a">computer</subfield><subfield code="2">rdamedia</subfield></datafield><datafield ind1=" " ind2=" " tag="338"><subfield code="a">online resource</subfield><subfield code="2">rdacarrier</subfield></datafield><datafield ind1=" " ind2=" " tag="500"><subfield code="a">Part of the Arabic Collections Online (ACO) project, contributed by Columbia University Libraries.</subfield></datafield><datafield ind1=" " ind2=" " tag="533"><subfield code="a">Electronic reproduction.</subfield><subfield code="b">New York, N.Y. :</subfield><subfield code="c">New York University,</subfield><subfield code="d">2015.</subfield><subfield code="5">NNU</subfield></datafield><datafield ind1=" " ind2="0" tag="650"><subfield code="a">Soul.</subfield></datafield><datafield ind1="1" ind2="2" tag="650"><subfield code="a">Psychology.</subfield></datafield><datafield ind1=" " ind2="7" tag="650"><subfield code="a">Soul.</subfield><subfield code="2">fast</subfield><subfield code="0">(OCoLC)fst01432098</subfield></datafield><datafield ind1="1" ind2=" " tag="700"><subfield code="a">Van Dyck, Edward Abbott.</subfield></datafield><datafield ind1="2" ind2=" " tag="710"><subfield code="a">Columbia University.</subfield><subfield code="b">Libraries.</subfield></datafield><datafield ind1="0" ind2=" " tag="730"><subfield code="a">Arabic Collections Online.</subfield></datafield><datafield ind1="0" ind2="8" tag="776"><subfield code="i">Online version:</subfield><subfield code="a">Avicenna, 980-1037.</subfield><subfield code="t">Hadi&#772;yat al-Ra&#700;i&#772;s Abi&#772; &#699;Ali&#772; al-H&#803;usayn ibn &#699;Abd Alla&#772;h ibn Si&#772;na&#772; ahda&#772;ha&#772; lil-Ami&#772;r Nu&#772;h&#803; ibn Mans&#803;u&#772;r al-Sa&#772;ma&#772;ni&#772;</subfield><subfield code="d">Mis&#803;r : Mat&#803;ba&#699;at al-Ma&#699;a&#772;rif, 1325 [1907 or 1908]</subfield><subfield code="w">(OCoLC)902934308</subfield></datafield><datafield ind1="0" ind2="8" tag="776"><subfield code="i">Print version:</subfield><subfield code="a">Avicenna, 980-1037.</subfield><subfield code="t">Hadi&#772;yat al-Ra&#700;i&#772;s Abi&#772; &#699;Ali&#772; al-H&#803;usayn ibn &#699;Abd Alla&#772;h ibn Si&#772;na&#772; ahda&#772;ha&#772; lil-Ami&#772;r Nu&#772;h&#803; ibn Mans&#803;u&#772;r al-Sa&#772;ma&#772;ni&#772;</subfield><subfield code="w">(NNC)3233793</subfield><subfield code="w">(OCoLC)29491275</subfield></datafield><datafield ind1="4" ind2="0" tag="856"><subfield code="u">http://hdl.handle.net/2333.1/pvmcvh1f</subfield></datafield><datafield ind1="0" ind2=" " tag="880"><subfield code="6">100-01/r</subfield><subfield code="a">&#1573;&#1576;&#1606; &#1587;&#1610;&#1606;&#1575;&#1548;</subfield><subfield code="d">980-1037.</subfield></datafield><datafield ind1="1" ind2="0" tag="880"><subfield code="6">240-02/r</subfield><subfield code="a">&#1605;&#1602;&#1575;&#1604;&#1577; &#1601;&#1610; &#1575;&#1604;&#1606;&#1601;&#1587;</subfield></datafield><datafield ind1="1" ind2="0" tag="880"><subfield code="6">245-03/r</subfield><subfield code="a">&#1607;&#1583;&#1610;&#1577; &#1575;&#1604;&#1585;&#1574;&#1610;&#1587; &#1571;&#1576;&#1610; &#1593;&#1604;&#1610; &#1575;&#1604;&#1581;&#1587;&#1610;&#1606; &#1576;&#1606; &#1593;&#1576;&#1583; &#1575;&#1604;&#1604;&#1607; &#1576;&#1606; &#1587;&#1610;&#1606;&#1575; &#1571;&#1607;&#1583;&#1575;&#1607;&#1575; &#1604;&#1604;&#1571;&#1605;&#1610;&#1585; &#1606;&#1608;&#1581; &#1576;&#1606; &#1605;&#1606;&#1589;&#1608;&#1585; &#1575;&#1604;&#1587;&#1575;&#1605;&#1575;&#1606;&#1610; :</subfield><subfield code="b">&#1608;&#1607;&#1610; &#1605;&#1576;&#1581;&#1579; &#1593;&#1606; &#1575;&#1604;&#1602;&#1608;&#1609; &#1575;&#1604;&#1606;&#1601;&#1587;&#1575;&#1606;&#1610;&#1577;&#1548; &#1571;&#1608;&#1548; &#1603;&#1578;&#1575;&#1576; &#1601;&#1610; &#1575;&#1604;&#1606;&#1601;&#1587; &#1593;&#1604;&#1609; &#1587;&#1606;&#1577; &#1575;&#1604;&#1575;&#1582;&#1578;&#1589;&#1575;&#1585; &#1608; &#1605;&#1602;&#1578;&#1590;&#1609; &#1591;&#1585;&#1610;&#1602;&#1577; &#1575;&#1604;&#1605;&#1606;&#1591;&#1602;&#1610;&#1610;&#1606; /</subfield><subfield code="c">&#1593;&#1606;&#1610; &#1576;&#1590;&#1576;&#1591;&#1607;&#1575; &#1608; &#1578;&#1589;&#1581;&#1610;&#1581;&#1607;&#1575; &#1573;&#1583;&#1608;&#1585;&#1583; &#1576;&#1606; &#1603;&#1585;&#1606;&#1610;&#1604;&#1610;&#1608;&#1587; &#1601;&#1606;&#1583;&#1610;&#1603; &#1575;&#1604;&#1571;&#1605;&#1610;&#1585;&#1603;&#1575;&#1606;&#1610;.</subfield></datafield><datafield ind1="3" ind2=" " tag="880"><subfield code="6">246-04/r</subfield><subfield code="a">&#1605;&#1576;&#1581;&#1579; &#1593;&#1606; &#1575;&#1604;&#1602;&#1608;&#1609; &#1575;&#1604;&#1606;&#1601;&#1587;&#1575;&#1606;&#1610;&#1577;</subfield></datafield><datafield ind1="3" ind2="0" tag="880"><subfield code="6">246-05/r</subfield><subfield code="a">&#1603;&#1578;&#1575;&#1576; &#1601;&#1610; &#1575;&#1604;&#1606;&#1601;&#1587; &#1593;&#1604;&#1609; &#1587;&#1606;&#1577; &#1575;&#1604;&#1575;&#1582;&#1578;&#1589;&#1575;&#1585; &#1608;&#1605;&#1602;&#1578;&#1590;&#1609; &#1591;&#1585;&#1610;&#1602;&#1577; &#1575;&#1604;&#1605;&#1606;&#1591;&#1602;&#1610;&#1610;&#1606;</subfield></datafield><datafield ind1="3" ind2="0" tag="880"><subfield code="6">246-06/r</subfield><subfield code="a">&#1606;&#1601;&#1587;</subfield></datafield><datafield ind1=" " ind2=" " tag="880"><subfield code="6">260-07/r</subfield><subfield code="a">&#1605;&#1589;&#1585; :</subfield><subfield code="b">&#1605;&#1591;&#1576;&#1593;&#1577; &#1575;&#1604;&#1605;&#1593;&#1575;&#1585;&#1601;&#1548;</subfield><subfield code="c">&#1633;&#1635;&#1634;&#1637;.</subfield></datafield><datafield ind1=" " ind2=" " tag="959"><subfield code="a">NNU</subfield><subfield code="b">WEB</subfield><subfield code="c">GENI</subfield><subfield code="t">0</subfield><subfield code="m">Electronic access</subfield><subfield code="s">01</subfield></datafield><datafield ind1=" " ind2=" " tag="999"><subfield code="i">NNC_3233793</subfield><subfield code="o">(OCoLC)ocm29491275</subfield><subfield code="s">columbia_aco000528</subfield><subfield code="e">(ERROR-880)</subfield><subfield code="s">columbia_aco000528</subfield></datafield></record>